<record><leader>00000cas a22000007a 4500</leader><controlfield tag="001">18109614</controlfield><controlfield tag="008">880620d19741991tnuwr ne      0    0eng d</controlfield><datafield ind1=" " ind2=" " tag="010"><subfield code="a">sn 88061143 </subfield></datafield><datafield ind1=" " ind2=" " tag="040"><subfield code="a">KNP</subfield><subfield code="b">eng</subfield><subfield code="c">KNP</subfield><subfield code="d">TGN</subfield><subfield code="d">OCLCQ</subfield><subfield code="d">OCLCO</subfield></datafield><datafield ind1="1" ind2=" " tag="029"><subfield code="a">AU@</subfield><subfield code="b">000020519944</subfield></datafield><datafield ind1=" " ind2=" " tag="042"><subfield code="a">msc</subfield></datafield><datafield ind1=" " ind2=" " tag="043"><subfield code="a">n-us-tn</subfield></datafield><datafield ind1="0" ind2="0" tag="245"><subfield code="a">Westmoreland world.</subfield></datafield><datafield ind1=" " ind2=" " tag="260"><subfield code="a">Westmoreland, Tenn. :</subfield><subfield code="b">Cannon Pub. Co.,</subfield><subfield code="c">1974-1991.</subfield></datafield><datafield ind1=" " ind2=" " tag="300"><subfield code="a">v. :</subfield><subfield code="b">ill.</subfield></datafield><datafield ind1=" " ind2=" " tag="310"><subfield code="a">Weekly</subfield></datafield><datafield ind1="0" ind2=" " tag="362"><subfield code="a">1st year, no. 1 (July 4, 1974)-6th year, no. 76 (Dec. 31, 1980); Jan. 8, 1981-Aug. 30, 1990; vol. 15, ser. 10 (Sept. 6, 1990)-v. 15, ser. 38 (Nov. 21, 1991).</subfield></datafield><datafield ind1=" " ind2=" " tag="500"><subfield code="a">Publishers: Cannon Pub. Co., 1974-1978; Scottsdale Pub. Co. 1978-&lt;1988&gt;; Michael S. Patton &amp; Janice Yearout Patton, 1988-1991.</subfield></datafield><datafield ind1=" " ind2="0" tag="651"><subfield code="a">Westmoreland (Tenn.)</subfield><subfield code="v">Newspapers.</subfield></datafield><datafield ind1=" " ind2="0" tag="651"><subfield code="a">Sumner County (Tenn.)</subfield><subfield code="v">Newspapers.</subfield></datafield><datafield ind1=" " ind2=" " tag="752"><subfield code="a">United States</subfield><subfield code="b">Tennessee</subfield><subfield code="c">Sumner</subfield><subfield code="d">Westmoreland.</subfield></datafield></record>